<record><leader>00000cas a2200000 a 4500</leader><controlfield tag="001">489160334</controlfield><controlfield tag="006">m     o  d        </controlfield><controlfield tag="007">cr |||||||||||</controlfield><controlfield tag="008">091215d1897189ufluwr neo     |    0spa c</controlfield><datafield ind1=" " ind2=" " tag="010"><subfield code="a">  2009254439</subfield></datafield><datafield ind1=" " ind2=" " tag="040"><subfield code="a">CUS</subfield><subfield code="b">eng</subfield><subfield code="c">CUS</subfield><subfield code="d">CUS</subfield><subfield code="d">OCLCQ</subfield><subfield code="d">OCLCF</subfield><subfield code="d">OCL</subfield></datafield><datafield ind1=" " ind2=" " tag="042"><subfield code="a">pcc</subfield></datafield><datafield ind1=" " ind2=" " tag="043"><subfield code="a">nwcu---</subfield></datafield><datafield ind1="0" ind2=" " tag="130"><subfield code="a">Nueva repu&#769;blica (Tampa, Fla.)</subfield></datafield><datafield ind1="1" ind2="0" tag="245"><subfield code="a">Nueva repu&#769;blica</subfield><subfield code="h">[electronic resource].</subfield></datafield><datafield ind1=" " ind2=" " tag="260"><subfield code="a">Tampa [Fla.] :</subfield><subfield code="b">Pablo L. Rousseau</subfield></datafield><datafield ind1=" " ind2=" " tag="310"><subfield code="a">Weekly</subfield></datafield><datafield ind1="1" ind2=" " tag="362"><subfield code="a">Began with An&#771;o 1, v. 1 (29 de mayo de 1897).</subfield></datafield><datafield ind1=" " ind2=" " tag="588"><subfield code="a">Description based on: An&#771;o 1, v. 1 (29 de mayo de 1897); title from PDF masthead (Hispanic American Newspapers, viewed Dec. 15, 2009).</subfield></datafield><datafield ind1=" " ind2=" " tag="588"><subfield code="a">Latest issue consulted: 2. e&#769;poca, v. 1, no. 6 (28 de mayo de 1898) (viewed Dec. 15, 2009).</subfield></datafield><datafield ind1=" " ind2="0" tag="651"><subfield code="a">Tampa (Fla.)</subfield><subfield code="v">Newspapers.</subfield></datafield><datafield ind1=" " ind2="0" tag="651"><subfield code="a">Cuba</subfield><subfield code="x">Politics and government</subfield><subfield code="y">1895-1898</subfield><subfield code="v">Newspapers.</subfield></datafield><datafield ind1=" " ind2="7" tag="650"><subfield code="a">Politics and government</subfield><subfield code="2">fast</subfield><subfield code="0">(OCoLC)fst01919741</subfield></datafield><datafield ind1=" " ind2="7" tag="651"><subfield code="a">Cuba.</subfield><subfield code="2">fast</subfield><subfield code="0">(OCoLC)fst01205805</subfield></datafield><datafield ind1=" " ind2="7" tag="651"><subfield code="a">Florida</subfield><subfield code="z">Tampa.</subfield><subfield code="2">fast</subfield><subfield code="0">(OCoLC)fst01206282</subfield></datafield><datafield ind1=" " ind2="7" tag="648"><subfield code="a">1895 - 1898</subfield><subfield code="2">fast</subfield></datafield><datafield ind1=" " ind2="7" tag="655"><subfield code="a">Newspapers.</subfield><subfield code="2">fast</subfield><subfield code="0">(OCoLC)fst01423814</subfield></datafield><datafield ind1=" " ind2=" " tag="752"><subfield code="a">United States</subfield><subfield code="b">Florida</subfield><subfield code="c">Hillsborough</subfield><subfield code="d">Tampa.</subfield></datafield><datafield ind1="4" ind2="0" tag="856"><subfield code="u">http://infoweb.newsbank.com/?db=EANX&amp;s_browseRef=decades/11E3EC803798A92B/all.xml</subfield></datafield></record>